@INPROCEEDINGS{butler02, 
author={Butler, Z. and Kotay, K. and Rus, D. and Tomita, K.}, 
booktitle={Robotics and Automation, 2002. Proceedings. ICRA '02. IEEE International Conference on}, 
title={Generic decentralized control for a class of self-reconfigurable robots}, 
year={2002}, 
month={}, 
volume={1}, 
number={}, 
pages={ 809 - 816 vol.1}, 
keywords={ actuation model; cellular automata; correctness proofs; generic decentralized control; generic locomotion algorithm; geometric rules; reconfigurable robots; cellular automata; decentralised control; mobile robots; self-adjusting systems;}, 
doi={10.1109/ROBOT.2002.1013457}, 
ISSN={ },}

@article{Yun:2011:OSA:2036628.2036638,
 author = {Yun, Seung-Kook and Rus, Daniela},
 title = {Optimal self assembly of modular manipulators with active and passive modules},
 journal = {Auton. Robots},
 issue_date = {October   2011},
 volume = {31},
 issue = {2-3},
 month = {October},
 year = {2011},
 issn = {0929-5593},
 pages = {183--207},
 numpages = {25},
 url = {http://dx.doi.org/10.1007/s10514-011-9236-1},
 doi = {http://dx.doi.org/10.1007/s10514-011-9236-1},
 acmid = {2036638},
 publisher = {Kluwer Academic Publishers},
 address = {Hingham, MA, USA},
 keywords = {Bipartite matching, Distributed algorithm, Modular robot, Self assembly, Smart part, Truss climbing robot},
} 
